@inproceedings{nikravesh2015mobilyzer,
  title={Mobilyzer: An open platform for controllable mobile network measurements},
  author={Nikravesh, Ashkan and Yao, Hongyi and Xu, Shichang and Choffnes, David and Mao, Z Morley},
  booktitle={Proceedings of the 13th Annual International Conference on Mobile Systems, Applications, and Services},
  pages={389--404},
  year={2015},
  organization={ACM}
}


@inproceedings{nandugudi2013phonelab,
  title={Phonelab: A large programmable smartphone testbed},
  author={Nandugudi, Anandatirtha and Maiti, Anudipa and Ki, Taeyeon and Bulut, Fatih and Demirbas, Murat and Kosar, Tevfik and Qiao, Chunming and Ko, Steven Y and Challen, Geoffrey},
  booktitle={Proceedings of First International Workshop on Sensing and Big Data Mining},
  pages={1--6},
  year={2013},
  organization={ACM}
}


@misc{AngryBirds,
    title = {Angry Birds and 'leaky' phone apps targeted by NSA and GCHQ for user data},
    note = {Accessed \today,  \url{http://www.theguardian.com/world/2014/jan/27/nsa-gchq-smartphone-app-angry-birds-personal-data}},
}


@misc{irb,
    title = {Institutional review board},
    note = {Accessed \today,  \url{https://en.wikipedia.org/wiki/Institutional_review_board}},
}


@misc{breach,
    title = {A Warning About Those Free Smartphone Apps},
    note = {Accessed \today,  \url{http://abcnews.go.com/Technology/warning-free-smartphone-apps/story?id=30484903}},
}


@misc{tweet,
    title = {App Auto-Tweets False Piracy Accusations},
    note = {Accessed \today,  \url{http://yro.slashdot.org/story/12/11/13/2249203/app-auto-tweets-false-piracy-accusations}},
}


@misc{starbucks,
    title = {Hackers are draining bank accounts via the Starbucks app},
    note = {Accessed \today,  \url{http://money.cnn.com/2015/05/13/technology/hackers-starbucks-app/index.html}},
}


@article{zevenbergen2013ethical,
  title={Ethical Privacy Guidelines for Mobile Connectivity Measurements},
  author={Zevenbergen, Bendert and Brown, Ian and Wright, Joss and Erdos, David},
  journal={Available at SSRN 2356824},
  year={2013}
}


@inproceedings{zhuang2014sensibility,
  title={Sensibility testbed: An internet-wide cloud platform for programmable exploration of mobile devices},
  author={Zhuang, Yanyan and Law, Leonard and Rafetseder, Albert and Wang, Lai and Beschastnikh, Ivan and Cappos, Justin},
  booktitle={Computer Communications Workshops (INFOCOM WKSHPS), 2014 IEEE Conference on},
  pages={139--140},
  year={2014},
  organization={IEEE}
}


@misc{sensibility,
    title = {Sensibility Testbed},
    note = {Accessed \today,  \url{https://sensibilitytestbed.com/}},
}


@article{zhuang2015privacy,
  title={Privacy-preserving Experimentation with Sensibility Testbed},
  author={Zhuang, Yanyan and Rafetseder, Albert and Cappos, Justin},
  journal={;login:: the magazine of USENIX},
  volume={40},
  number={4},
  pages={18--21},
  year={2015},
  publisher={USENIX Association}
}


@inproceedings{cappos2010retaining,
  title={Retaining sandbox containment despite bugs in privileged memory-safe code},
  author={Cappos, Justin and Dadgar, Armon and Rasley, Jeff and Samuel, Justin and Beschastnikh, Ivan and Barsan, Cosmin and Krishnamurthy, Arvind and Anderson, Thomas},
  booktitle={Proceedings of the 17th ACM conference on Computer and communications security},
  pages={212--223},
  year={2010},
  organization={ACM}
}


@misc{ref,
    title = {Reference monitor},
    note = {Accessed \today,  \url{https://en.wikipedia.org/wiki/Reference_monitor}},
}


@inproceedings{fawaz2014location,
  title={Location privacy protection for smartphone users},
  author={Fawaz, Kassem and Shin, Kang G},
  booktitle={Proceedings of the 2014 ACM SIGSAC Conference on Computer and Communications Security},
  pages={239--250},
  year={2014},
  organization={ACM}
}


@misc{ch,
    title = {Sensibility Testbed Clearinghouse},
    note = {Accessed \today,  \url{https://sensibilityclearinghouse.poly.edu/}},
}


@misc{sensibility-app,
    title = {Sensibility Testbed, Google Play},
    note = {Accessed \today,  \url{https://play.google.com/store/apps/details?id=com.sensibility_testbed}},
}


@misc{seattle,
    title = {Seattle Testbed},
    note = {Accessed \today,  \url{https://seattle.poly.edu/}},
}


@misc{sensevis,
    title = {Sensevis: A cloud storage and data visualization service for Sensibility Testbed.},
    note = {Accessed \today,  \url{http://sensibilitytestbed.github.io/sensevis/}},
}


@misc{sensor-api,
    title = {Supported Sensors},
    note = {Accessed \today,  \url{https://sensibilitytestbed.com/projects/project/wiki/sensors}},
}


@inproceedings{michalevsky2014gyrophone,
  title={Gyrophone: Recognizing speech from gyroscope signals},
  author={Michalevsky, Yan and Boneh, Dan and Nakibly, Gabi},
  booktitle={Proc. 23rd USENIX Security Symposium (SEC'14), USENIX Association},
  year={2014}
}


@inproceedings{acharya2000mapbox,
  title={MAPbox: Using parameterized behavior classes to confine untrusted applications},
  author={Acharya, Anurag and Raje, Mandar},
  booktitle={Proceedings of the 9th conference on USENIX Security Symposium-Volume 9},
  pages={1--1},
  year={2000},
  organization={USENIX Association}
}

@inproceedings{fraser2000hardening,
  title={Hardening COTS software with generic software wrappers},
  author={Fraser, Timothy and Badger, Lee and Feldman, Mark},
  booktitle={DARPA Information Survivability Conference and Exposition, 2000. DISCEX'00. Proceedings},
  volume={2},
  pages={323--337},
  year={2000},
  organization={IEEE}
}


@inproceedings{hao2013isleep,
  title={iSleep: unobtrusive sleep quality monitoring using smartphones},
  author={Hao, Tian and Xing, Guoliang and Zhou, Gang},
  booktitle={Proceedings of the 11th ACM Conference on Embedded Networked Sensor Systems},
  pages={4},
  year={2013},
  organization={ACM}
}


@inproceedings{wang2012no,
  title={No need to war-drive: unsupervised indoor localization},
  author={Wang, He and Sen, Souvik and Elgohary, Ahmed and Farid, Moustafa and Youssef, Moustafa and Choudhury, Romit Roy},
  booktitle={Proceedings of the 10th international conference on Mobile systems, applications, and services},
  pages={197--210},
  year={2012},
  organization={ACM}
}


@inproceedings{wang2013sensing,
  title={Sensing vehicle dynamics for determining driver phone use},
  author={Wang, Yan and Yang, Jie and Liu, Hongbo and Chen, Yingying and Gruteser, Marco and Martin, Richard P},
  booktitle={Proceeding of the 11th annual international conference on Mobile systems, applications, and services},
  pages={41--54},
  year={2013},
  organization={ACM}
}


@misc{phonelab,
    title = {PhoneLab: A Smartphone Platform Testbed},
    note = {Accessed \today,  \url{https://www.phone-lab.org/}},
}


@misc{repyv2,
    title = {Repy V2 Library Reference},
    note = {Accessed \today,  \url{https://seattle.poly.edu/wiki/RepyV2API}},
}


@misc{demo-kit,
    title = {Sensibility Testbed Demo Kit},
    note = {Accessed \today,  \url{https://sensibilityclearinghouse.poly.edu/demokit/sensibility-testbed-demokit.zip}},
}


@misc{csn,
    title = {Community Seismic Network},
    note = {Accessed \today,  \url{http://csn.caltech.edu/}},
}


@inproceedings{gruteser2003anonymous,
  title={Anonymous usage of location-based services through spatial and temporal cloaking},
  author={Gruteser, Marco and Grunwald, Dirk},
  booktitle={Proceedings of the 1st international conference on Mobile systems, applications and services},
  pages={31--42},
  year={2003},
  organization={ACM}
}


@article{camp2015respecting,
  title={Respecting people and respecting privacy},
  author={Camp, L Jean},
  journal={Communications of the ACM},
  volume={58},
  number={7},
  pages={27--28},
  year={2015},
  publisher={ACM}
}

@inproceedings{sundaresan2011broadband,
  title={Broadband internet performance: a view from the gateway},
  author={Sundaresan, Srikanth and De Donato, Walter and Feamster, Nick and Teixeira, Renata and Crawford, Sam and Pescap{\`e}, Antonio},
  booktitle={ACM SIGCOMM Computer Communication Review},
  volume={41},
  number={4},
  pages={134--145},
  year={2011},
  organization={ACM}
}


@inproceedings{ravindranath2012appinsight,
  title={AppInsight: Mobile App Performance Monitoring in the Wild.},
  author={Ravindranath, Lenin and Padhye, Jitendra and Agarwal, Sharad and Mahajan, Ratul and Obermiller, Ian and Shayandeh, Shahin},
  booktitle={OSDI},
  volume={12},
  pages={107--120},
  year={2012}
}


@inproceedings{faulkner2011next,
  title={The next big one: Detecting earthquakes and other rare events from community-based sensors},
  author={Faulkner, Matthew and Olson, Michael and Chandy, Rishi and Krause, Jonathan and Chandy, K Mani and Krause, Andreas},
  booktitle={Information Processing in Sensor Networks (IPSN), 2011 10th International Conference on},
  pages={13--24},
  year={2011},
  organization={IEEE}
}


@inproceedings{mohan2008nericell,
  title={Nericell: rich monitoring of road and traffic conditions using mobile smartphones},
  author={Mohan, Prashanth and Padmanabhan, Venkata N and Ramjee, Ramachandran},
  booktitle={Proceedings of the 6th ACM conference on Embedded network sensor systems},
  pages={323--336},
  year={2008},
  organization={ACM}
}

@inproceedings{thiagarajan2009vtrack,
  title={VTrack: accurate, energy-aware road traffic delay estimation using mobile phones},
  author={Thiagarajan, Arvind and Ravindranath, Lenin and LaCurts, Katrina and Madden, Samuel and Balakrishnan, Hari and Toledo, Sivan and Eriksson, Jakob},
  booktitle={Proceedings of the 7th ACM Conference on Embedded Networked Sensor Systems},
  pages={85--98},
  year={2009},
  organization={ACM}
}

